% TODO Fix citations and make them look nice 
@InProceedings{networkx,
  author =       {Aric A. Hagberg and Daniel A. Schult and Pieter J. Swart},
  title =        {Exploring Network Structure, Dynamics, and Function using NetworkX},
  booktitle =   {Proceedings of the 7th Python in Science Conference},
  pages =     {11 - 15},
  address = {Pasadena, CA USA},
  year =      {2008},
  editor =    {Ga\"el Varoquaux and Travis Vaught and Jarrod Millman},
}

@misc{scipy,
  	author =    {Eric Jones and Travis Oliphant and Pearu Peterson and others},
  	title =     {{SciPy}: Open source scientific tools for {Python}},
  	year =      {2001--},
    Howpublished = {\url{http://www.scipy.org/}},
    Note = {[Online; accessed \today]}
}

@misc{skaRobinHood,
	Author = {Malte Skarupke},
	Month = {July},
	Title = {flat\_hash\_map -- A very fast hashtable},
	Year = {2018},
    Howpublished = {\url{https://github.com/skarupke/flat_hash_map}},
    Note = {[Online; accessed \today]}
  }

@misc{skaFaster,
	Author = {Malte Skarupke},
	Month = {June},
	Title = {Fibonacci Hashing: The Optimization that the World Forgot (or: a Better Alternative to Integer Modulo)},
	Year = {2018},
    Howpublished = {\url{https://probablydance.com/2018/06/16/fibonacci-hashing-the-optimization-that-the-world-forgot-or-a-better-alternative-to-integer-modulo/}},
    Note = {[Online; accessed \today]}
  }

@misc{sparsehash,
	Author = {Google},
	Month = {July},
	Title = {sparsehash -- C++ associative containers},
	Year = {2016},
    Howpublished = {\url{https://github.com/sparsehash/sparsehash}},
    Note = {[Online; accessed \today]}
  }

@misc{htcompare,
	Author = {Tessil},
	Month = {August},
	Title = {Benchmark of major hash maps implementations},
	Year = {2016},
    Howpublished = {\url{https://tessil.github.io/2016/08/29/benchmark-hopscotch-map.html}},
    Note = {[Online; accessed \today]}
  }

@misc{s2,
	Author = {Eric Veach and Jesse Rosenstock and Eric Engle and Robert Snedegar and Julien Basch},
	Month = {Januar},
	Title = {S2 Geometry Library},
	Year = {2018},
	Date-Added = {2018-01-12 10:40:32 +0000},
	Date-Modified = {2018-01-12 10:43:48 +0000},
	Keywords = {building-block},
    Howpublished = {\url{https://s2geometry.io}},
    Note = {[Online; accessed \today]}
  }

@misc{foursquare,
	Author = {{Foursquare Labs, Inc.}},
	Title = {Foursquare: About},
	Year = {2018},
	Date-Added = {2018-01-12 10:40:32 +0000},
	Date-Modified = {2018-01-12 10:43:48 +0000},
    Howpublished = {\url{https://foursquare.com/about/}},
    Note = {[Online; accessed \today]}
}
 
@misc{yelpfacts,
	Author = {{Yelp Inc.}},
	Month = {June},
	Title = {An Introduction to Yelp Metrics as of June 30, 2018},
	Year = {2018},
	Date-Added = {2018-01-12 10:40:32 +0000},
	Date-Modified = {2018-01-12 10:43:48 +0000},
    Howpublished = {\url{https://www.yelp.com/factsheet}},
    Note = {[Online; accessed \today]}
}
 
 @misc{mobilefacts,
	Author = {{Pew Research Center}},
	Month = {January},
	Title = {Mobile Fact Sheet},
	Year = {2018},
	Date-Added = {2018-01-12 10:40:32 +0000},
	Date-Modified = {2018-01-12 10:43:48 +0000},
    Howpublished = {\url{http://www.pewinternet.org/fact-sheet/mobile/}},
    Note = {[Online; accessed \today]}
 }
  
 @misc{yelp,
	Author = {{Yelp Inc.}},
	Month = {August},
	Title = {Yelp Open Dataset: An all-purpose dataset for learning},
	Year = {2018},
	Date-Added = {2018-01-12 10:40:32 +0000},
	Date-Modified = {2018-01-12 10:43:48 +0000},
    Howpublished = {\url{https://www.yelp.com/dataset}},
    Note = {[Online; accessed \today]}
 }
  
 @misc{wordlist,
	Author = {Hermit Dave},
	Month = {August},
	Title = {Frequency Word List},
	Year = {2016},
	Date-Added = {2018-01-12 10:40:32 +0000},
	Date-Modified = {2018-01-12 10:43:48 +0000},
    Howpublished = {\url{https://github.com/hermitdave/FrequencyWords}},
    Note = {[Online; accessed \today]}
 }
 
@inproceedings{subtitles,
  title={Opensubtitles2016: Extracting large parallel corpora from movie and tv subtitles},
  author={Lison, Pierre and Tiedemann, J{\"o}rg},
  year={2016},
  publisher={European Language Resources Association},
 pages = {923--929},
 numpages = {7},
 isbn = {978-2-9517408-9-1},
 bootitle={Proceedings of the Tenth International Conference on Language Resources and Evaluation (LREC 2016)},
 url = {https://www.duo.uio.no/bitstream/handle/10852/50459/4/947_Paper.pdf},
} 

@inproceedings{zipf-law,
 author = {Powers, David M. W.},
 title = {Applications and Explanations of Zipf's Law},
 booktitle = {Proceedings of the Joint Conferences on New Methods in Language Processing and Computational Natural Language Learning},
 series = {NeMLaP3/CoNLL '98},
 year = {1998},
 isbn = {0-7258-0634-6},
 location = {Sydney, Australia},
 pages = {151--160},
 numpages = {10},
 url = {http://dl.acm.org/citation.cfm?id=1603899.1603924},
 acmid = {1603924},
 publisher = {Association for Computational Linguistics},
 address = {Stroudsburg, PA, USA},
} 

@inproceedings{okt,
	Acmid = {2247634},
	Address = {New York, NY, USA},
	Author = {Hmedeh, Zeinab and Kourdounakis, Harris and Christophides, Vassilis and du Mouza, Cedric and Scholl, Michel and Travers, Nicolas},
	Booktitle = {Proceedings of the 15th International Conference on Extending Database Technology},
	Date-Added = {2018-01-11 13:19:57 +0000},
	Date-Modified = {2018-01-11 13:20:12 +0000},
	Doi = {10.1145/2247596.2247634},
	Isbn = {978-1-4503-0790-1},
	Keywords = {building-block},
	Location = {Berlin, Germany},
	Numpages = {12},
	Pages = {312--323},
	Publisher = {ACM},
	Series = {EDBT '12},
	Title = {Subscription Indexes for Web Syndication Systems},
	Url = {http://doi.acm.org/10.1145/2247596.2247634},
	Year = {2012},
	Bdsk-Url-1 = {http://doi.acm.org/10.1145/2247596.2247634},
	Bdsk-Url-2 = {http://dx.doi.org/10.1145/2247596.2247634}}

@inproceedings{Chen:2013:EQI:2463676.2465328,
	Acmid = {2465328},
	Address = {New York, NY, USA},
	Author = {Chen, Lisi and Cong, Gao and Cao, Xin},
	Booktitle = {Proceedings of the 2013 ACM SIGMOD International Conference on Management of Data},
	Date-Added = {2018-01-11 13:19:00 +0000},
	Date-Modified = {2018-01-11 13:19:09 +0000},
	Doi = {10.1145/2463676.2465328},
	Isbn = {978-1-4503-2037-5},
	Location = {New York, New York, USA},
	Numpages = {12},
	Pages = {749--760},
	Publisher = {ACM},
	Series = {SIGMOD '13},
	Title = {An Efficient Query Indexing Mechanism for Filtering Geo-textual Data},
	Url = {http://doi.acm.org/10.1145/2463676.2465328},
	Year = {2013},
	Bdsk-Url-1 = {http://doi.acm.org/10.1145/2463676.2465328},
	Bdsk-Url-2 = {http://dx.doi.org/10.1145/2463676.2465328}}

@inproceedings{iq-tree,
	Acmid = {1142505},
	Address = {New York, NY, USA},
	Author = {Chen, Yen-Yu and Suel, Torsten and Markowetz, Alexander},
	Booktitle = {Proceedings of the 2006 ACM SIGMOD International Conference on Management of Data},
	Date-Added = {2018-01-11 13:15:51 +0000},
	Date-Modified = {2018-01-11 13:16:06 +0000},
	Doi = {10.1145/1142473.1142505},
	Isbn = {1-59593-434-0},
	Keywords = {competitor},
	Location = {Chicago, IL, USA},
	Numpages = {12},
	Pages = {277--288},
	Publisher = {ACM},
	Series = {SIGMOD '06},
	Title = {Efficient Query Processing in Geographic Web Search Engines},
	Url = {http://doi.acm.org/10.1145/1142473.1142505},
	Year = {2006},
	Bdsk-Url-1 = {http://doi.acm.org/10.1145/1142473.1142505},
	Bdsk-Url-2 = {http://dx.doi.org/10.1145/1142473.1142505}}

@inproceedings{rt-tree,
	Acmid = {2487617},
	Address = {New York, NY, USA},
	Author = {Li, Guoliang and Wang, Yang and Wang, Ting and Feng, Jianhua},
	Booktitle = {Proceedings of the 19th ACM SIGKDD International Conference on Knowledge Discovery and Data Mining},
	Date-Added = {2018-01-11 13:14:20 +0000},
	Date-Modified = {2018-01-11 13:16:32 +0000},
	Doi = {10.1145/2487575.2487617},
	Isbn = {978-1-4503-2174-7},
	Keywords = {competitor},
	Location = {Chicago, Illinois, USA},
	Numpages = {9},
	Pages = {802--810},
	Publisher = {ACM},
	Series = {KDD '13},
	Title = {Location-aware Publish/Subscribe},
	Url = {http://doi.acm.org/10.1145/2487575.2487617},
	Year = {2013},
	Bdsk-Url-1 = {http://doi.acm.org/10.1145/2487575.2487617},
	Bdsk-Url-2 = {http://dx.doi.org/10.1145/2487575.2487617}}

@article{ril,
	Acmid = {1132959},
	Address = {New York, NY, USA},
	Articleno = {6},
	Author = {Zobel, Justin and Moffat, Alistair},
	Date-Added = {2018-01-11 13:09:36 +0000},
	Date-Modified = {2018-01-11 13:09:51 +0000},
	Doi = {10.1145/1132956.1132959},
	Issn = {0360-0300},
	Issue_Date = {2006},
	Journal = {ACM Comput. Surv.},
	Keywords = {building-block},
	Month = jul,
	Number = {2},
	Publisher = {ACM},
	Title = {Inverted Files for Text Search Engines},
	Url = {http://doi.acm.org.eaccess.ub.tum.de/10.1145/1132956.1132959},
	Volume = {38},
	Year = {2006},
	Bdsk-Url-1 = {http://doi.acm.org.eaccess.ub.tum.de/10.1145/1132956.1132959},
	Bdsk-Url-2 = {http://dx.doi.org/10.1145/1132956.1132959}}

@article{proposal,
	Author = {Andreas Kipf},
	Date-Added = {2018-01-11 12:59:06 +0000},
	Date-Modified = {2018-01-11 12:59:56 +0000},
	Journal = {Proposal},
	Month = {nov},
	Title = {Scalable Geospatial Data Processing},
	Year = {2017}}

	
@article{act,
  author    = {Andreas Kipf and
               Harald Lang and
               Varun Pandey and
               Raul Alexandru Persa and
               Peter A. Boncz and
               Thomas Neumann and
               Alfons Kemper},
  title     = {Adaptive Geospatial Joins for Modern Hardware},
  journal   = {arXiv preprint},
  year      = {2018},
  url       = {http://arxiv.org/abs/1802.09488},
  archivePrefix = {arXiv},
  eprint    = {1802.09488},
  timestamp = {Mon, 05 Mar 2018 16:04:07 +0100},
  biburl    = {https://dblp.org/rec/bib/journals/corr/abs-1802-09488},
  bibsource = {dblp computer science bibliography, https://dblp.org}
}

@article{fast,
  author    = {Ahmed R. Mahmood and
               Walid G. Aref and
               Ahmed M. Aly},
  title     = {{FAST:} Frequency-Aware Spatio-Textual Indexing for In-Memory Continuous
               Filter Query Processing},
  year      = {2017},	
  Journal = {arXiv preprint},
  url       = {http://arxiv.org/abs/1709.02529},
  archivePrefix = {arXiv},
  eprint    = {1709.02529},
}

@article{tornado,
  author    = {Ahmed R. Mahmood and
               Anas Daghistani and
               Ahmed M. Aly and
               Walid G. Aref and
               MingJie Tang and
               Saleh M. Basalamah and
               Sunil Prabhakar},
  title     = {Adaptive Processing of Spatial-Keyword Data Over a Distributed Streaming
               Cluster},
  year      = {2017},
  Journal = {arXiv preprint},
  url       = {http://arxiv.org/abs/1709.02533},
  archivePrefix = {arXiv},
  eprint    = {1709.02533},
}

@article{tornado-short,
 author = {Mahmood, Ahmed R. and Aly, Ahmed M. and Qadah, Thamir and Rezig, El Kindi and Daghistani, Anas and Madkour, Amgad and Abdelhamid, Ahmed S. and Hassan, Mohamed S. and Aref, Walid G. and Basalamah, Saleh},
 title = {Tornado: A Distributed Spatio-textual Stream Processing System},
 journal = {Proc. VLDB Endow.},
 issue_date = {August 2015},
 volume = {8},
 number = {12},
 month = aug,
 year = {2015},
 issn = {2150-8097},
 pages = {2020--2023},
 numpages = {4},
 url = {http://dx.doi.org/10.14778/2824032.2824126},
 doi = {10.14778/2824032.2824126},
 acmid = {2824126},
 publisher = {VLDB Endowment},
} 

	
@inproceedings{apt, 
author={X. Wang and Y. Zhang and W. Zhang and X. Lin and W. Wang}, 
booktitle={2015 IEEE 31st International Conference on Data Engineering}, 
title={AP-Tree: Efficiently support continuous spatial-keyword queries over stream}, 
year={2015}, 
volume={}, 
number={}, 
pages={1107-1118}, 
doi={10.1109/ICDE.2015.7113360}, 
ISSN={1063-6382}, 
month={April},}

@article{compare,
	Acmid = {2448955},
	Author = {Chen, Lisi and Cong, Gao and Jensen, Christian S. and Wu, Dingming},
	Date-Added = {2018-01-11 12:50:15 +0000},
	Date-Modified = {2018-01-11 13:01:27 +0000},
	Doi = {10.14778/2535569.2448955},
	Issn = {2150-8097},
	Issue_Date = {January 2013},
	Journal = {Proc. VLDB Endow.},
	Keywords = {comparision},
	Month = jan,
	Number = {3},
	Numpages = {12},
	Pages = {217--228},
	Publisher = {VLDB Endowment},
	Title = {Spatial Keyword Query Processing: An Experimental Evaluation},
	Url = {http://dx.doi.org/10.14778/2535569.2448955},
	Volume = {6},
	Year = {2013},
	Bdsk-Url-1 = {http://dx.doi.org/10.14778/2535569.2448955}}

@article{rstartree,
 author = {Beckmann, Norbert and Kriegel, Hans-Peter and Schneider, Ralf and Seeger, Bernhard},
 title = {The R*-tree: An Efficient and Robust Access Method for Points and Rectangles},
 journal = {SIGMOD Rec.},
 issue_date = {Jun. 1990},
 volume = {19},
 number = {2},
 month = may,
 year = {1990},
 issn = {0163-5808},
 pages = {322--331},
 numpages = {10},
 url = {http://doi.acm.org/10.1145/93605.98741},
 doi = {10.1145/93605.98741},
 acmid = {98741},
 publisher = {ACM},
 address = {New York, NY, USA},
} 

@article{rtree,
 author = {Guttman, Antonin},
 title = {R-trees: A Dynamic Index Structure for Spatial Searching},
 journal = {SIGMOD Rec.},
 issue_date = {June 1984},
 volume = {14},
 number = {2},
 month = jun,
 year = {1984},
 issn = {0163-5808},
 pages = {47--57},
 numpages = {11},
 url = {http://doi.acm.org/10.1145/971697.602266},
 doi = {10.1145/971697.602266},
 acmid = {602266},
 publisher = {ACM},
 address = {New York, NY, USA},
} 


@article{gpuraster,
 author = {Zacharatou, Eleni Tzirita and Doraiswamy, Harish and Ailamaki, Anastasia and Silva, Cl\'{a}udio T. and Freiref, Juliana},
 title = {GPU Rasterization for Real-time Spatial Aggregation over Arbitrary Polygons},
 journal = {Proc. VLDB Endow.},
 issue_date = {November 2017},
 volume = {11},
 number = {3},
 month = nov,
 year = {2017},
 issn = {2150-8097},
 pages = {352--365},
 numpages = {14},
 url = {https://doi.org/10.14778/3157794.3157803},
 doi = {10.14778/3157794.3157803},
 acmid = {3173083},
 publisher = {VLDB Endowment},
} 


@inproceedings{textVsSpace,
 author = {Christoforaki, Maria and He, Jinru and Dimopoulos, Constantinos and Markowetz, Alexander and Suel, Torsten},
 title = {Text vs. Space: Efficient Geo-search Query Processing},
 booktitle = {Proceedings of the 20th ACM International Conference on Information and Knowledge Management},
 series = {CIKM '11},
 year = {2011},
 isbn = {978-1-4503-0717-8},
 location = {Glasgow, Scotland, UK},
 pages = {423--432},
 numpages = {10},
 url = {http://doi.acm.org/10.1145/2063576.2063641},
 doi = {10.1145/2063576.2063641},
 acmid = {2063641},
 publisher = {ACM},
 address = {New York, NY, USA},
 keywords = {efficient query processing, geographic web search engines},
} 


@inproceedings{ir2-tree,
author={I. De Felipe and V. Hristidis and N. Rishe}, 
booktitle={2008 IEEE 24th International Conference on Data Engineering}, 
title={Keyword Search on Spatial Databases}, 
year={2008}, 
volume={}, 
number={}, 
pages={656-665}, 
keywords={database indexing;query processing;tree data structures;visual databases;keyword search;spatial databases;nearest neighbor search;indexing structure;information retrieval R-tree;superimposed text signatures;query answering;Keyword search;Spatial databases;Nearest neighbor searches;Information retrieval;Indexing;Internet;Neural networks;Scalability;Displays;Data structures}, 
doi={10.1109/ICDE.2008.4497474}, 
ISSN={1063-6382}, 
month={April},}

@article{scikit-learn,
 title={Scikit-learn: Machine Learning in {P}ython},
 author={Pedregosa, F. and Varoquaux, G. and Gramfort, A. and Michel, V.
         and Thirion, B. and Grisel, O. and Blondel, M. and Prettenhofer, P.
         and Weiss, R. and Dubourg, V. and Vanderplas, J. and Passos, A. and
         Cournapeau, D. and Brucher, M. and Perrot, M. and Duchesnay, E.},
 journal={Journal of Machine Learning Research},
 volume={12},
 pages={2825--2830},
 year={2011}
}

@article{bloom,
 author = {Bloom, Burton H.},
 title = {Space/Time Trade-offs in Hash Coding with Allowable Errors},
 journal = {Commun. ACM},
 issue_date = {July 1970},
 volume = {13},
 number = {7},
 month = jul,
 year = {1970},
 issn = {0001-0782},
 pages = {422--426},
 numpages = {5},
 url = {http://doi.acm.org/10.1145/362686.362692},
 doi = {10.1145/362686.362692},
 acmid = {362692},
 publisher = {ACM},
 address = {New York, NY, USA},
 keywords = {hash addressing, hash coding, retrieval efficiency, retrieval trade-offs, scatter storage, searching, storage efficiency, storage layout},
} 


@article{foursquareData,
 author = {Yang, Dingqi and Zhang, Daqing and Qu, Bingqing},
 title = {Participatory Cultural Mapping Based on Collective Behavior Data in Location-Based Social Networks},
 journal = {ACM Trans. Intell. Syst. Technol.},
 issue_date = {April 2016},
 volume = {7},
 number = {3},
 month = jan,
 year = {2016},
 issn = {2157-6904},
 pages = {30:1--30:23},
 articleno = {30},
 numpages = {23},
 url = {http://doi.acm.org/10.1145/2814575},
 doi = {10.1145/2814575},
 acmid = {2814575},
 publisher = {ACM},
 address = {New York, NY, USA},
 } 
 

@inproceedings{fast-sigspatial,
 author = {Mahmood, Ahmed R},
 title = {ACM SIGSPATIAL: G: Scalable Query Processing In Spatio-Textual Data Management Systems},
 booktitle = {Proceedings of the 26th ACM SIGSPATIAL International Conference on Advances in Geographic Information Systems},
 series = {SIGSPATIAL'18},
 year = {2018},
 location = {Seattle, Washington},
 publisher = {ACM},
 address = {New York, NY, USA},
} 

@article{s2i,
 author = {Rocha-Junior, Jo\~{a}o B. and Vlachou, Akrivi and Doulkeridis, Christos and N{\o}rv{\aa}g, Kjetil},
 title = {Efficient Processing of Top-k Spatial Preference Queries},
 journal = {Proc. VLDB Endow.},
 issue_date = {November 2010},
 volume = {4},
 number = {2},
 month = nov,
 year = {2010},
 issn = {2150-8097},
 pages = {93--104},
 numpages = {12},
 url = {http://dx.doi.org/10.14778/1921071.1921076},
 doi = {10.14778/1921071.1921076},
 acmid = {1921076},
 publisher = {VLDB Endowment},
}

@article{wibr,
author={D. Wu and M. L. Yiu and G. Cong and C. S. Jensen}, 
journal={IEEE Transactions on Knowledge and Data Engineering}, 
title={Joint Top-K Spatial Keyword Query Processing}, 
year={2012}, 
volume={24}, 
number={10}, 
pages={1889-1903}, 
keywords={Indexes;Query processing;Spatial databases;Mobile communication;Google;Electronic mail;Spatial databases;textual databases.}, 
doi={10.1109/TKDE.2011.172}, 
ISSN={1041-4347}, 
month={Oct},}

@InProceedings{skif,
author="Khodaei, Ali and Shahabi, Cyrus and Li, Chen",
editor="Bringas, Pablo Garc{\'i}a and Hameurlain, Abdelkader and Quirchmayr, Gerald",
title="Hybrid Indexing and Seamless Ranking of Spatial and Textual Features of Web Documents",
booktitle="Database and Expert Systems Applications",
year="2010",
publisher="Springer Berlin Heidelberg",
address="Berlin, Heidelberg",
pages="450--466",
isbn="978-3-642-15364-8"
}

@InProceedings{webSpatioTextual,
author="Vaid, Subodh and Jones, Christopher B. and Joho, Hideo and Sanderson, Mark",
editor="Bauzer Medeiros, Claudia and Egenhofer, Max J. and Bertino, Elisa",
title="Spatio-textual Indexing for Geographical Search on the Web",
booktitle="Advances in Spatial and Temporal Databases",
year="2005",
publisher="Springer Berlin Heidelberg",
address="Berlin, Heidelberg",
pages="218--235",
isbn="978-3-540-31904-7"
}

@inproceedings{hybridWeb,
 author = {Zhou, Yinghua and Xie, Xing and Wang, Chuang and Gong, Yuchang and Ma, Wei-Ying},
 title = {Hybrid Index Structures for Location-based Web Search},
 booktitle = {Proceedings of the 14th ACM International Conference on Information and Knowledge Management},
 series = {CIKM '05},
 year = {2005},
 isbn = {1-59593-140-6},
 location = {Bremen, Germany},
 pages = {155--162},
 numpages = {8},
 url = {http://doi.acm.org/10.1145/1099554.1099584},
 doi = {10.1145/1099554.1099584},
 acmid = {1099584},
 publisher = {ACM},
 address = {New York, NY, USA},
 keywords = {geographical ranking, geographical scope, location-based web search, spatial index, textual index},
} 
